@article{huang2024,
  author = {Huang, C. and He, G.},
  title = {Text Clustering as Classification with {LLMs}},
  journal = {arXiv preprint},
  volume = {arXiv:2410.00927},
  year = {2024},
  url = {https://arxiv.org/abs/2410.00927}
}

@article{zhang2024,
  author = {Zhang, Y. and others},
  title = {Pushing The Limit of {LLM} Capacity for Text Classification},
  journal = {arXiv preprint},
  volume = {arXiv:2402.07470},
  year = {2024},
  url = {https://arxiv.org/abs/2402.07470}
}

@online{ibm2023,
  author = {{IBM}},
  title = {What is a Work Order?},
  year = {2023},
  url = {https://www.ibm.com/think/topics/work-order},
  urldate = {2025-01-29}
}